@article{HibinoKuoSaitô2018,
	author = {Hibino, Shinya and Kuo, Hui-Hsiung and Saitô, Kimiaki},
	title = {A Stochastic Integral by a Near-Martingale},
	year = 2018,
	journal = {Communications on Stochastic Analysis},
	volume = 12,
	number = 2,
	article = 7,
	doi = {10.31390/cosa.12.2.07},
	url = {https://digitalcommons.lsu.edu/cosa/vol12/iss2/7}}

@article{HwangKuoSaitôZhai2017,
	author = {Hwang, Chii-Ruey and Kuo, Hui-Hsiung and Saitô, Kimiaki and Zhai, Jiayu},
	title = {Near-martingale Property of Anticipating Stochastic Integration},
	year = 2017,
	journal = {Communications on Stochastic Analysis},
	volume = 11,
	number = 4,
	article = 6,
	doi = {10.31390/cosa.11.4.06},
	url = {https://digitalcommons.lsu.edu/cosa/vol11/iss4/6}}

@article{HwangKuoSaitôZhai2016,
	author = {Hwang, Chii-Ruey and Kuo, Hui-Hsiung and Saitô, Kimiaki and Zhai, Jiayu},
	title = {A general Itô formula for adapted and instantly independent stochastic processes},
	year = 2016,
	journal = {Communications on Stochastic Analysis},
	volume = 10,
	number = 3,
	article = 5,
	doi = {10.31390/cosa.10.3.05},
	url = {https://digitalcommons.lsu.edu/cosa/vol10/iss3/5}}

@article{KuoSaitô2015,
	author = {Kuo, Hui-Hsiung and Saitô, Kimiaki},
	title = {Doob's decomposition theorem for near-submartingales},
	year = 2015,
	journal = {Communications on Stochastic Analysis},
	volume = 9,
	number = 4,
	article = 3,
	doi = {10.31390/cosa.9.4.03},
	url = {https://digitalcommons.lsu.edu/cosa/vol9/iss4/3}}

@article{Kuo2014,
	author = {Kuo, Hui-Hsiung},
	title = {The Itô calculus and white noise theory: a brief survey toward general stochastic integration},
	year = 2014,
	journal = {Communications on Stochastic Analysis},
	volume = 8,
	number = 1,
	article = 8,
	doi = {10.31390/cosa.8.1.07},
	url = {https://digitalcommons.lsu.edu/cosa/vol8/iss1/8}}

@article{KuoPengSzozda2013b,
	author = {Kuo, Hui-Hsiung and Peng, Yun and Szozda, Benedykt},
	title = {Generalization of the anticipative Girsanov theorem},
	year = 2013,
	journal = {Communications on Stochastic Analysis},
	volume = 7,
	number = 4,
	article = 6,
	doi = {10.31390/cosa.7.4.06},
	url = {https://digitalcommons.lsu.edu/cosa/vol7/iss4/6}}

@article{KuoPengSzozda2013a,
	author = {Kuo, Hui-Hsiung and Peng, Yun and Szozda, Benedykt},
	title = {Itô formula and Girsanov theorem for anticipating stochastic integrals},
	year = 2013,
	journal = {Communications on Stochastic Analysis},
	volume = 7,
	number = 3,
	article = 6,
	doi = {10.31390/cosa.7.3.06},
	url = {https://digitalcommons.lsu.edu/cosa/vol7/iss3/6}}

@article{KhalifaKuoOuerdianeSzozda2013,
	author = {Khalifa, Narjess and Kuo, Hui-Hsiung and Ouerdiane, Habib and Szozda, Benedykt},
	title = {Linear stochastic differential equations with anticipating initial conditions},
	year = 2015,
	journal = {Communications on Stochastic Analysis},
	volume = 7,
	number = 2,
	article = 5,
	doi = {10.31390/cosa.7.2.05},
	url = {https://digitalcommons.lsu.edu/cosa/vol7/iss2/5}}

@inbook{KuoSaeTangSzozda2013,
	author = {Kuo, Hui-Hsiung and Sae-Tang, Anuwat and Szozda, Benedykt},
	title = {And isometry formula for a new stochastic integral},
	booktitle = {Quantum Probability and Related Topics},
	pages = {222--232},
	year = 2013,
	volume = 29,
	doi = {10.1142/9789814447546_0014},
	URL = {https://www.worldscientific.com/doi/abs/10.1142/9789814447546_0014},
	eprint = {https://www.worldscientific.com/doi/pdf/10.1142/9789814447546_0014},
	abstract = {The isometry formula for the Itô integral is generalized to a new stochastic integral involving both adapted and instantly independent stochastic processes. The proof is rather elementary. An example is given to illustrate the isometry formula.}}

@article{KuoSaeTangSzozda2012,
	author = {Kuo, Hui-Hsiung Sae-Tang, Anuwat and Szozda, Benedykt},
	title = {The Itô formula for a new stochastic integral},
	year = 2012,
	journal = {Communications on Stochastic Analysis},
	volume = 6,
	number = 4,
	article = 7,
	doi = {10.31390/cosa.6.4.07},
	url = {https://digitalcommons.lsu.edu/cosa/vol6/iss4/7}}

@article{AyedKuo2010,
	author = {Ayed, Wided and Kuo, Hui-Hsiung},
	title = {An extension of the Itô integral: Toward a general theory of stochastic integration},
	year = 2010,
	journal = {Theory of Stochastic Processes},
	volume = 16,
	number = 32,
	issue = 1,
	pages = {17--28},
	url = {http://mi.mathnet.ru/thsp56}}

@article{AyedKuo2008,
	author = {Ayed, Wided and Kuo, Hui-Hsiung},
	title = {An extension of the Itô integral},
	year = 2008,
	journal = {Communications on Stochastic Analysis},
	volume = 2,
	number = 3,
	article = 5,
	doi = {10.31390/cosa.2.3.05},
	url = {https://digitalcommons.lsu.edu/cosa/vol2/iss3/5}}
