*-------*
| Books |
*-------*



*--------*
| Papers |
*--------*

@article{Cramér1938,
	author = {Cramér, Harald},
	title = {Sur un nouveau théorème-limite de la théorie des probabilités},
	year = 1938,
	journal = {Actualités Scientifiques et Industrielles},
	language = {French},
	volume = 736,
	pages = {5–23}}

@article{Varadhan1966,
	author = {Varadhan, S. R. S.},
	title = {Asymptotic probabilities and differential equations},
	year = 1966,
	journal = {Communications on Pure and Applied Mathematics},
	volume = 19,
	pages = {261–286},
	doi = {https://doi.org/10.1002/cpa.3160190303}}

@article{Schilder1966,
	ISSN = {00029947},
	URL = {http://www.jstor.org/stable/1994588},
	author = {Schilder, M.},
	journal = {Transactions of the American Mathematical Society},
	year = {1966}
	number = {1},
	pages = {63--85},
	publisher = {American Mathematical Society},
	title = {Some Asymptotic Formulas for Wiener Integrals},
	volume = {125},
	doi = {10.2307/1994588}}
