*-------*
| Books |
*-------*

@book{Kuo2006,
	author = {Kuo, Hui-Hsiung},
	title = {Introduction to Stochastic Integration},
	year = 2006,
	edition = 1,
	series = {Universitext},
	publisher = {Springer-Verlag},
	location = {New York},
	isbn = {978-0-387-31057-2},
	doi = {10.1007/0-387-31057-6}}

@book{Øksendal2003,
	author = {Øksendal, Bernt},
	title = {Stochastic Differential Equations},
	subtitle = {An Introduction with Applications},
	year = 2003,
	edition = 6,
	series = {Universitext},
	publisher = {Springer-Verlag},
	location = {Berlin},
	location = {Heidelberg},
	isbn = {978-3-642-14394-6},
	doi = {10.1007/978-3-642-14394-6}}

@book{HoffmannJørgensen1994,
	author = {Hoffmann-Jørgensen, Jørgen},
	title = {Probability With a View Towards Statistics},
	year = 1994,
	volume = 1,
	edition = 1,
	series = {Chapman & Hall probability series},
	publisher = {Chapman and Hall},
	publisher = {CRC Press},
	location = {New York},
	imprint = {Routledge},
	isbn = 9780412052217}

@book{MacCluer2009,
	author = {MacCluer, Barbara},
	title = {Elementary Functional Analysis},
	year = 2009,
	volume = 253,
	edition = 1,
	series = {Graduate Texts in Mathematics},
	publisher = {Springer-Verlag},
	location = {New York},
	imprint = {Routledge},
	isbn = {978-0-387-85528-8},
	doi = {10.1007/978-0-387-85529-5}}

@book{SundarKallianpur2014,
	author = {Sundar, P and Kallianpur, Gopinath},
	title = {Stochastic Analysis and Diffusion Processes},
	year = 2014,
	isbn = 9780199657063,
	doi = {10.1093/acprof:oso/9780199657063.001.0001}}


*--------*
| Papers |
*--------*

Kuo Integral
============

@article{AyedKuo2008,
	author = {Ayed, Wided and Kuo, Hui-Hsiung},
	title = {An extension of the Itô integral},
	year = 2008,
	journal = {Communications on Stochastic Analysis},
	volume = 2,
	number = 3,
	article = 5,
	doi = {10.31390/cosa.2.3.05},
	url = {https://digitalcommons.lsu.edu/cosa/vol2/iss3/5}}

@article{AyedKuo2010,
	author = {Ayed, Wided and Kuo, Hui-Hsiung},
	title = {An extension of the Itô integral: Toward a general theory of stochastic integration},
	year = 2010,
	journal = {Theory of Stochastic Processes},
	volume = 16,
	number = 32,
	issue = 1,
	pages = 17--28,
	url = {http://mi.mathnet.ru/thsp56}}

@article{HwangKuoSaitôZhai2016,
	author = {Hwang, Chii-Ruey and Kuo, Hui-Hsiung and Saitô, Kimiaki and Zhai, Jiayu},
	title = {A general Itô formula for adapted and instantly independent stochastic processes},
	year = 2016,
	journal = {Communications on Stochastic Analysis},
	volume = 10,
	number = 3,
	article = 5,
	doi = {10.31390/cosa.10.3.05},
	url = {https://digitalcommons.lsu.edu/cosa/vol10/iss3/5}}
